% Encoding: UTF-8

@Article{コラーゲン繊維PFM,
  author    = {Denning, Denise and Alilat, Sofiane and Habelitz, Stefan and Fertala, Andrzej and Rodriguez, Brian J},
  journal   = {J. Struct. Biol.},
  title     = {Visualizing molecular polar order in tissues via electromechanical coupling},
  year      = {2012},
  number    = {3},
  pages     = {409--419},
  volume    = {180},
  publisher = {Elsevier},
}

@Comment{jabref-meta: databaseType:bibtex;}
